@book{rojas1996neural,
  title={Neural networks: A Systematic Introduction},
  author={Rojas, Ra{\'u}l},
  year={1996},
  publisher={Springer Science \& Business Media},
  pages={151--169}
}
